@article{casestudy,
    author = {Waldherr, Stefan and Knust, Sigrid},
    title = {Two-stage scheduling in shelf-board production: a case study},
    journal = {International Journal of Production Research},
    volume = {52},
    number = {13},
    pages = {4078-4092},
    year = {2014}
}

@unpublished{preprint,
    author = {Waldherr, Stefan and Knust, Sigrid},
    title = {Complexity results for flow shop problems with synchronous movement}
}

@PHDTHESIS{Koch2004,
    author      = "Thorsten Koch",
    title       = "Rapid Mathematical Programming",
    school      = "Technische {Universit\"at} Berlin",
    year        = "2004",
    url         = "http://opus4.kobv.de/opus4-zib/frontdoor/index/index/docId/834",
    note        = "ZIB-Report 04-58",
} 

@article{soylu,
    author = {Soylu, B. and Kirca, Ö. and Azizoğlu, M.},
    title = {Flow shop-sequencing problem with synchronous transfers and makespan minimization},
    journal = {International Journal of Production Research},
    volume = {45},
    number = {15},
    pages = {3311-3331},
    year = {2007},
    publisher={Taylor \& Francis}
}

@article{gg,
    author = {Gilmore, P. C. and Gomory, R. E.},
    title = {Sequencing a One State-Variable Machine: A Solvable Case of the Traveling Salesman Problem},
    journal = {Operations Research},
    volume = {12},
    number = {5},
    pages = {655-679},
    year = {1964}
}

@article{karabati,
    title={Assembly line balancing in a mixed-model sequencing
        environment with synchronous transfers},
    author={Karabati, S. and Sayin, S.},
    journal={European Journal of Operational Research},
    volume={149},
    number={2},
    pages={417--429},
    year={2003},
    publisher={Elsevier}
}
